<?xml version="1.0" encoding="UTF-8"?><record xmlns="http://www.loc.gov/MARC21/slim" xmlns:cinclude="http://apache.org/cocoon/include/1.0" xmlns:zs="http://www.loc.gov/zing/srw/">
  <leader>00422cz  a2200133n  4500</leader>
  <controlfield tag="001">n 2010076342</controlfield>
  <controlfield tag="003">DLC</controlfield>
  <controlfield tag="005">20101124140005.0</controlfield>
  <controlfield tag="008">101123n| acannaabn          |a ana      </controlfield>
  <datafield tag="010" ind1=" " ind2=" ">
    <subfield code="a">n 2010076342</subfield>
  </datafield>
  <datafield tag="040" ind1=" " ind2=" ">
    <subfield code="a">DLC</subfield>
    <subfield code="b">eng</subfield>
    <subfield code="c">DLC</subfield>
  </datafield>
  <datafield tag="110" ind1="2" ind2=" ">
    <subfield code="a">Collège de Cahors</subfield>
  </datafield>
  <datafield tag="410" ind1="1" ind2=" ">
    <subfield code="a">Cahors (France).</subfield>
    <subfield code="b">Collège</subfield>
  </datafield>
  <datafield tag="670" ind1=" " ind2=" ">
    <subfield code="a">Histoire des collèges de Cahors et Toulouse (XIVe-XVe siècles), c2010</subfield>
    <subfield code="b">t.p. (collèges de Cahors et de Toulouse)</subfield>
  </datafield>
</record>